@article{Adyan1982,
	title        = {Random walks on free periodic groups},
	author       = {Adyan, S. I.},
	year         = 1982,
	journal      = {Izv. Akad. Nauk SSSR Ser. Mat.},
	volume       = 46,
	number       = 6,
	pages        = {1139--1149, 1343},
	issn         = {0373-2436},
	fjournal     = {Izvestiya Akademii Nauk SSSR. Seriya Matematicheskaya},
	mrclass      = {43A07 (20F50 60B15 60J15)},
	mrnumber     = 682486,
	mrreviewer   = {P.\ Gerl}
}
@article{AmirKozma2017,
	title        = {Groups with minimal harmonic functions as small as you like (With an appendix by {N}icolas {M}atte-{B}on)},
	author       = {Gideon Amir and Gady Kozma},
	year         = 2017,
	journal      = {arXiv:1605.07593},
	eprint       = {1605.07593},
	archiveprefix = {arXiv},
	primaryclass = {math.GR},
	ee           = {http://arxiv.org/abs/1605.07593}
}
@article{AtkarskayaRipsTent2023,
	title        = {The {B}urnside problem for odd exponents},
	author       = {Agatha Atkarskaya and Eliyahu Rips and Katrin Tent},
	year         = 2023,
	journal      = {arXiv preprint arXiv:2303.15997},
	eprint       = {2303.15997},
	archiveprefix = {arXiv},
	primaryclass = {math.GR}
}
@book{Azencott1970,
	title        = {Espaces de {P}oisson des groupes localement compacts},
	author       = {Azencott, Robert},
	year         = 1970,
	publisher    = {Springer-Verlag, Berlin-New York},
	series       = {Lecture Notes in Mathematics, Vol. 148},
	pages        = {ix+141},
	mrclass      = {60J50 (22D40 60B15)},
	mrnumber     = {0501376},
	mrreviewer   = {G. van Dijk}
}
@article{BaderShalom2006,
	title        = {Factor and normal subgroup theorems for lattices in products of groups},
	author       = {Bader, Uri and Shalom, Yehuda},
	year         = 2006,
	journal      = {Invent. Math.},
	volume       = 163,
	number       = 2,
	pages        = {415--454},
	doi          = {10.1007/s00222-005-0469-5},
	issn         = {0020-9910,1432-1297},
	url          = {https://doi.org/10.1007/s00222-005-0469-5},
	fjournal     = {Inventiones Mathematicae},
	mrclass      = {22E40 (28D15 43A05 43A07)},
	mrnumber     = 2207022,
	mrreviewer   = {Alain\ Valette}
}
@article{BagnoudBodart2022,
	title        = {{Dead ends and rationality of complete growth series}},
	author       = {Bagnoud, Pierre Alderic and Bodart, Corentin},
	year         = 2022,
	month        = oct,
	journal      = {arXiv},
	doi          = {10.48550/arXiv.2210.07868},
	eprint       = {2210.07868}
}
@misc{BahmanianForghaniGekhtmanMallahiKarai2024,
	title        = {A central limit theorem for random walks on horospherical products of {G}romov hyperbolic spaces},
	author       = {Bahmanian, Amin and Forghani, Behrang and Gekhtman, Ilya and Mallahi-Karai Keivan},
	year         = 2024
}
@article{BarNatanDuchinKro2020,
	title        = {Conjugation curvature for {C}ayley graphs},
	author       = {Assaf Bar-Natan and Moon Duchin and Robert Kropholler},
	year         = 2020,
	month        = nov,
	journal      = {Journal of Topology and Analysis},
	publisher    = {World Scientific Pub Co Pte Lt},
	pages        = {1--21},
	doi          = {10.1142/s1793525321500096},
	url          = {https://doi.org/10.1142/s1793525321500096}
}
@article{BartholdiErschler2012,
	title        = {Growth of permutational extensions},
	author       = {Bartholdi, Laurent and Erschler, Anna},
	year         = 2012,
	journal      = {Invent. Math.},
	volume       = 189,
	number       = 2,
	pages        = {431--455},
	doi          = {10.1007/s00222-011-0368-x},
	issn         = {0020-9910,1432-1297},
	url          = {https://doi.org/10.1007/s00222-011-0368-x},
	fjournal     = {Inventiones Mathematicae},
	mrclass      = {20E22 (20F05)},
	mrnumber     = 2947548,
	mrreviewer   = {Matthew\ B.\ Day}
}
@incollection{BenjaminiLyonsSchramm1999,
	title        = {Percolation perturbations in potential theory and random walks},
	author       = {Benjamini, Itai and Lyons, Russell and Schramm, Oded},
	year         = 1999,
	booktitle    = {Random walks and discrete potential theory ({C}ortona, 1997)},
	publisher    = {Cambridge Univ. Press, Cambridge},
	series       = {Sympos. Math.},
	volume       = {XXXIX},
	pages        = {56--84},
	isbn         = {0-521-77312-1},
	mrclass      = {60K35 (31C20 60G50)},
	mrnumber     = 1802426,
	mrreviewer   = {Yu\ Zhang}
}
@article{BenoistQuint2016,
	title        = {Central limit theorem for linear groups},
	author       = {Benoist, Yves and Quint, Jean-Fran\c{c}ois},
	year         = 2016,
	journal      = {Ann. Probab.},
	volume       = 44,
	number       = 2,
	pages        = {1308--1340},
	doi          = {10.1214/15-AOP1002},
	issn         = {0091-1798,2168-894X},
	url          = {https://doi.org/10.1214/15-AOP1002},
	fjournal     = {The Annals of Probability},
	mrclass      = {60B15 (22E40 60F05 60G42 60G50)},
	mrnumber     = 3474473,
	mrreviewer   = {Michael\ Voit}
}
@article{BenoistQuint2016hyperbolic,
	title        = {Central limit theorem on hyperbolic groups},
	author       = {Benoist, Y. and Quint, J.-F.},
	year         = 2016,
	journal      = {Izv. Math.},
	volume       = 80,
	number       = 1,
	pages        = {3--23},
	doi          = {10.1070/IM8306},
	issn         = {1064-5632},
	fjournal     = {Izvestiya: Mathematics},
	language     = {English},
	keywords     = {20F69,20F67,60F05,60G50,60J50,37D40},
	zbmath       = 6589634,
	zbl          = {1376.20050}
}
@article{BG18,
	title        = {Connectedness of spheres in {C}ayley graphs},
	author       = {Brieussel, J\'{e}r\'{e}mie and Gournay, Antoine},
	year         = 2018,
	journal      = {Algebra Discrete Math.},
	volume       = 26,
	number       = 2,
	pages        = {190--246},
	issn         = {1726-3255},
	fjournal     = {Algebra and Discrete Mathematics},
	mrclass      = {20F65 (20E22 20F10)},
	mrnumber     = 3909043
}
@article{Bjorklund2010,
	title        = {Central limit theorems for {G}romov hyperbolic groups},
	author       = {Bj{\"{o}}rklund, Michael},
	year         = 2010,
	journal      = {J. Theoret. Probab.},
	volume       = 23,
	number       = 3,
	pages        = {871--887},
	doi          = {10.1007/s10959-009-0230-x},
	issn         = {0894-9840,1572-9230},
	url          = {https://doi.org/10.1007/s10959-009-0230-x},
	fjournal     = {Journal of Theoretical Probability},
	mrclass      = {60B15 (20F67 60F05 60G50)},
	mrnumber     = 2679960,
	mrreviewer   = {Sara\ Brofferio}
}
@article{Bogopolski97,
	title        = {Infinite commensurable hyperbolic groups are bi-{L}ipschitz equivalent},
	author       = {Bogopolski, O. V.},
	year         = 1997,
	journal      = {Algebra i Logika},
	volume       = 36,
	number       = 3,
	pages        = {259--272, 357},
	doi          = {10.1007/BF02671613},
	issn         = {0373-9252},
	url          = {https://doi.org/10.1007/BF02671613},
	fjournal     = {Sibirski\u{\i} Fond Algebry i Logiki. Algebra i Logika},
	mrclass      = {57M07 (30F45 54H11)},
	mrnumber     = 1485595
}
@article{BreuillardLeDonne2013,
	title        = {On the rate of convergence to the asymptotic cone for nilpotent groups and sub{F}insler geometry},
	author       = {Breuillard, Emmanuel and Le Donne, Enrico},
	year         = 2013,
	journal      = {Proc. Natl. Acad. Sci. USA},
	volume       = 110,
	number       = 48,
	pages        = {19220--19226},
	doi          = {10.1073/pnas.1203854109},
	issn         = {0027-8424,1091-6490},
	url          = {https://doi.org/10.1073/pnas.1203854109},
	fjournal     = {Proceedings of the National Academy of Sciences of the United States of America},
	mrclass      = {20F65 (53C17 53C23 53C60)},
	mrnumber     = 3153949,
	mrreviewer   = {Igor\ Belegradek}
}
@article{BrieusselTanakaZheng,
	title        = {Random walks on the discrete affine group},
	author       = {Brieussel, J\'{e}r\'{e}mie and Tanaka, Ryokichi and Zheng, Tianyi},
	year         = 2021,
	journal      = {Groups Geom. Dyn.},
	volume       = 15,
	number       = 3,
	pages        = {935--963},
	doi          = {10.4171/ggd/616},
	issn         = {1661-7207},
	url          = {https://doi.org/10.4171/ggd/616},
	fjournal     = {Groups, Geometry, and Dynamics},
	mrclass      = {20E08 (20P05 60J50)},
	mrnumber     = 4322016
}
@article{BrieusselZheng2019,
	title        = {Shalom's property {$H_{\rm FD}$} and extensions by {$\Bbb{Z}$} of locally finite groups},
	author       = {Brieussel, J\'{e}r\'{e}mie and Zheng, Tianyi},
	year         = 2019,
	journal      = {Israel J. Math.},
	volume       = 230,
	number       = 1,
	pages        = {45--70},
	doi          = {10.1007/s11856-018-1818-6},
	issn         = {0021-2172},
	url          = {https://doi.org/10.1007/s11856-018-1818-6},
	fjournal     = {Israel Journal of Mathematics},
	mrclass      = {22D10},
	mrnumber     = 3941140,
	mrreviewer   = {Bruno Duchesne}
}
@article{BrieusselZheng2021,
	title        = {Speed of random walks, isoperimetry and compression of finitely generated groups},
	author       = {Brieussel, J\'{e}r\'{e}mie and Zheng, Tianyi},
	year         = 2021,
	journal      = {Ann. of Math. (2)},
	volume       = 193,
	number       = 1,
	pages        = {1--105},
	doi          = {10.4007/annals.2021.193.1.1},
	issn         = {0003-486X},
	url          = {https://doi.org/10.4007/annals.2021.193.1.1},
	fjournal     = {Annals of Mathematics. Second Series},
	mrclass      = {20F69 (20E22 46B85 60B15)},
	mrnumber     = 4199729,
	mrreviewer   = {Anthony Genevois}
}
@inproceedings{Brown1987,
	title        = {Finiteness properties of groups},
	author       = {Brown, Kenneth S.},
	year         = 1987,
	journal      = {J. Pure Appl. Algebra},
	booktitle    = {Proceedings of the {N}orthwestern conference on cohomology of groups ({E}vanston, {I}ll., 1985)},
	volume       = 44,
	number       = {1-3},
	pages        = {45--75},
	doi          = {10.1016/0022-4049(87)90015-6},
	issn         = {0022-4049,1873-1376},
	url          = {https://doi.org/10.1016/0022-4049(87)90015-6},
	fjournal     = {Journal of Pure and Applied Algebra},
	mrclass      = {20J05 (11F75 20F05 22E40)},
	mrnumber     = 885095,
	mrreviewer   = {Ralph\ Strebel}
}
@article{BurilloClearyMartinoRover2016,
	title        = {Commensurations and metric properties of {H}oughton's groups},
	author       = {Burillo, Jos\'{e} and Cleary, Sean and Martino, Armando and R\"{o}ver, Claas E.},
	year         = 2016,
	journal      = {Pacific J. Math.},
	volume       = 285,
	number       = 2,
	pages        = {289--301},
	doi          = {10.2140/pjm.2016.285.289},
	issn         = {0030-8730,1945-5844},
	url          = {https://doi.org/10.2140/pjm.2016.285.289},
	fjournal     = {Pacific Journal of Mathematics},
	mrclass      = {20F65 (20B07 20F28)},
	mrnumber     = 3575568,
	mrreviewer   = {Enric\ Ventura Capell}
}
@article{Button2022,
	title        = {Generalised Baumslag-Solitar groups and Hierarchically Hyperbolic Groups},
	author       = {J. O. Button},
	year         = 2022,
	journal      = {arXiv:2208.12688},
	eprint       = {2208.12688},
	archiveprefix = {arXiv},
	primaryclass = {math.GR},
	ee           = {http://arxiv.org/abs/2208.12688}
}
@article{ChawlaForghaniFrischTiozzo2022,
	title        = {The Poisson boundary of hyperbolic groups without moment conditions},
	author       = {Chawla, Kunal and Forghani, Behrang and Frisch, Joshua and Tiozzo, Giulio},
	year         = 2022,
	journal      = {arXiv preprint arXiv:2209.02114}
}
@article{Choi2023,
	title        = {Central limit theorem and geodesic tracking on hyperbolic spaces and {Teichm{\"u}ller} spaces},
	author       = {Choi, Inhyeok},
	year         = 2023,
	journal      = {Adv. Math.},
	volume       = 431,
	pages        = 68,
	doi          = {10.1016/j.aim.2023.109236},
	issn         = {0001-8708},
	note         = {Id/No 109236},
	fjournal     = {Advances in Mathematics},
	language     = {English},
	keywords     = {20F67,30F60,57M60,60G50,60B15,60F05},
	zbmath       = 7741086,
	zbl          = {1527.20070}
}
@misc{Choi2023deviation,
	title        = {Random walks and contracting elements {I}: Deviation inequality and Limit laws},
	author       = {Inhyeok Choi},
	year         = 2023,
	eprint       = {2207.06597},
	archiveprefix = {arXiv},
	primaryclass = {math.PR}
}
@article{cleary2006finitely,
	title        = {A finitely presented group with unbounded dead-end depth},
	author       = {Cleary, Sean and Riley, Tim R.},
	year         = 2006,
	journal      = {Proc. Amer. Math. Soc.},
	volume       = 134,
	number       = 2,
	pages        = {343--349},
	doi          = {10.1090/S0002-9939-05-08043-3},
	issn         = {0002-9939},
	url          = {https://doi.org/10.1090/S0002-9939-05-08043-3},
	fjournal     = {Proceedings of the American Mathematical Society},
	mrclass      = {20F65 (20F05)},
	mrnumber     = 2176000,
	mrreviewer   = {Ralf Koehl}
}
@article{ClearyTaback05,
	title        = {Dead end words in lamplighter groups and other wreath products},
	author       = {Cleary, Sean and Taback, Jennifer},
	year         = 2005,
	journal      = {Q. J. Math.},
	volume       = 56,
	number       = 2,
	pages        = {165--178},
	doi          = {10.1093/qmath/hah030},
	issn         = {0033-5606},
	url          = {https://doi.org/10.1093/qmath/hah030},
	fjournal     = {The Quarterly Journal of Mathematics},
	mrclass      = {20F65 (20E22)},
	mrnumber     = 2143495,
	mrreviewer   = {Jos\'{e} Burillo}
}
@incollection{ClearyTabackmetricproperties05,
	title        = {Metric properties of the lamplighter group as an automata group},
	author       = {Cleary, Sean and Taback, Jennifer},
	year         = 2005,
	booktitle    = {Geometric methods in group theory},
	publisher    = {Amer. Math. Soc., Providence, RI},
	series       = {Contemp. Math.},
	volume       = 372,
	pages        = {207--218},
	doi          = {10.1090/conm/372/06886},
	url          = {https://doi.org/10.1090/conm/372/06886},
	mrclass      = {20F65},
	mrnumber     = 2140090,
	mrreviewer   = {Zoran \v{S}uni\'{c}}
}
@article{DavisOlshanskii2011,
	title        = {Subgroup distortion in wreath products of cyclic groups},
	author       = {Davis, Tara C. and Olshanskii, Alexander Yu.},
	year         = 2011,
	journal      = {J. Pure Appl. Algebra},
	volume       = 215,
	number       = 12,
	pages        = {2987--3004},
	doi          = {10.1016/j.jpaa.2011.04.018},
	issn         = {0022-4049},
	url          = {https://doi.org/10.1016/j.jpaa.2011.04.018},
	fjournal     = {Journal of Pure and Applied Algebra},
	mrclass      = {20E22 (20F65)},
	mrnumber     = 2811580,
	mrreviewer   = {H. Heineken}
}
@book{delaHarpe2000,
	title        = {Topics in geometric group theory},
	author       = {de la Harpe, Pierre},
	year         = 2000,
	publisher    = {University of Chicago Press, Chicago, IL},
	series       = {Chicago Lectures in Mathematics},
	pages        = {vi+310},
	isbn         = {0-226-31719-6; 0-226-31721-8},
	mrclass      = {20F65 (20F69 57M07)},
	mrnumber     = 1786869,
	mrreviewer   = {Lee\ Mosher}
}
@article{Derrienic1975,
	title        = {Marche al\'{e}atoire sur le groupe libre et fronti\`ere de {M}artin},
	author       = {Derriennic, Yves},
	year         = 1975,
	journal      = {Z. Wahrscheinlichkeitstheorie und Verw. Gebiete},
	volume       = 32,
	number       = 4,
	pages        = {261--276},
	doi          = {10.1007/BF00535840},
	url          = {https://doi.org/10.1007/BF00535840},
	fjournal     = {Zeitschrift f\"{u}r Wahrscheinlichkeitstheorie und Verwandte Gebiete},
	mrclass      = {60J15},
	mrnumber     = 388545,
	mrreviewer   = {Bernard Roynette}
}
@incollection{Derrienic1980,
	title        = {Quelques applications du th\'{e}or\`eme ergodique sous-additif},
	author       = {Derriennic, Yves},
	year         = 1980,
	booktitle    = {Conference on {R}andom {W}alks ({K}leebach, 1979) ({F}rench)},
	publisher    = {Soc. Math. France, Paris},
	series       = {Ast\'{e}risque},
	volume       = 74,
	pages        = {183--201, 4},
	mrclass      = {60B15 (28D20 60J15)},
	mrnumber     = 588163,
	mrreviewer   = {Philippe Bougerol}
}
@article{DuchinShapiro2019,
	title        = {The {H}eisenberg group is pan-rational},
	author       = {Duchin, Moon and Shapiro, Michael},
	year         = 2019,
	journal      = {Adv. Math.},
	volume       = 346,
	pages        = {219--263},
	doi          = {10.1016/j.aim.2019.01.046},
	issn         = {0001-8708,1090-2082},
	url          = {https://doi.org/10.1016/j.aim.2019.01.046},
	fjournal     = {Advances in Mathematics},
	mrclass      = {20F65 (20F18 20F69)},
	mrnumber     = 3908251,
	mrreviewer   = {John\ M.\ Mackay}
}
@article{Dymarz2010,
	title        = {Bilipschitz equivalence is not equivalent to quasi-isometric equivalence for finitely generated groups},
	author       = {Dymarz, Tullia},
	year         = 2010,
	journal      = {Duke Math. J.},
	volume       = 154,
	number       = 3,
	pages        = {509--526},
	doi          = {10.1215/00127094-2010-044},
	issn         = {0012-7094,1547-7398},
	url          = {https://doi.org/10.1215/00127094-2010-044},
	fjournal     = {Duke Mathematical Journal},
	mrclass      = {20F65 (05C25 05C63 20E22)},
	mrnumber     = 2730576,
	mrreviewer   = {Alfredo\ Donno}
}
@article{DynkinMaljutov1961,
	title        = {Random walk on groups with a finite number of generators},
	author       = {Dynkin, E. B. and Maljutov, M. B.},
	year         = 1961,
	journal      = {Dokl. Akad. Nauk SSSR},
	volume       = 137,
	pages        = {1042--1045},
	issn         = {0002-3264},
	fjournal     = {Doklady Akademii Nauk SSSR},
	mrclass      = {60.08},
	mrnumber     = {0131904},
	mrreviewer   = {H. Kesten}
}
@article{Dyubina2000,
	title        = {Instability of the virtual solvability and the property of being virtually torsion-free for quasi-isometric groups},
	author       = {Dyubina, Anna},
	year         = 2000,
	journal      = {Internat. Math. Res. Notices},
	number       = 21,
	pages        = {1097--1101},
	doi          = {10.1155/S1073792800000544},
	issn         = {1073-7928,1687-0247},
	url          = {https://doi.org/10.1155/S1073792800000544},
	fjournal     = {International Mathematics Research Notices},
	mrclass      = {20F65},
	mrnumber     = 1800990,
	mrreviewer   = {William\ A.\ Bogley}
}
@article{Erschler2003,
	title        = {On isoperimetric profiles of finitely generated groups},
	author       = {Erschler, Anna},
	year         = 2003,
	journal      = {Geom. Dedicata},
	volume       = 100,
	pages        = {157--171},
	doi          = {10.1023/A:1025849602376},
	issn         = {0046-5755},
	url          = {https://doi.org/10.1023/A:1025849602376},
	fjournal     = {Geometriae Dedicata},
	mrclass      = {20F65 (20E22 43A07)},
	mrnumber     = 2011120,
	mrreviewer   = {Tullio G. Ceccherini-Silberstein}
}
@article{Erschler2004,
	title        = {Boundary behavior for groups of subexponential growth},
	author       = {Erschler, Anna},
	year         = 2004,
	journal      = {Ann. of Math. (2)},
	volume       = 160,
	number       = 3,
	pages        = {1183--1210},
	doi          = {10.4007/annals.2004.160.1183},
	issn         = {0003-486X},
	url          = {https://doi.org/10.4007/annals.2004.160.1183},
	fjournal     = {Annals of Mathematics. Second Series},
	mrclass      = {20F65 (20F05 20P05 60G50)},
	mrnumber     = 2144977,
	mrreviewer   = {Anders Karlsson}
}
@article{Erschler2004Liouville,
	title        = {Liouville property for groups and manifolds},
	author       = {Erschler, Anna},
	year         = 2004,
	journal      = {Invent. Math.},
	volume       = 155,
	number       = 1,
	pages        = {55--80},
	doi          = {10.1007/s00222-003-0314-7},
	issn         = {0020-9910},
	url          = {https://doi.org/10.1007/s00222-003-0314-7},
	fjournal     = {Inventiones Mathematicae},
	mrclass      = {43A85 (20P05 28D20 43A07 60B15 60G50 60J50)},
	mrnumber     = 2025301,
	mrreviewer   = {Anatoly N. Kochubei}
}
@inproceedings{Erschler2010,
	title        = {Poisson-{F}urstenberg boundaries, large-scale geometry and growth of groups},
	author       = {Erschler, Anna},
	year         = 2010,
	booktitle    = {Proceedings of the {I}nternational {C}ongress of {M}athematicians. {V}olume {II}},
	publisher    = {Hindustan Book Agency, New Delhi},
	pages        = {681--704},
	mrclass      = {60B15 (20F69 43A05 43A07 60-02 60G50 60J50)},
	mrnumber     = 2827814,
	mrreviewer   = {Pekka Salmi}
}
@article{Erschler2011,
	title        = {Poisson-{F}urstenberg boundary of random walks on wreath products and free metabelian groups},
	author       = {Erschler, Anna},
	year         = 2011,
	journal      = {Comment. Math. Helv.},
	volume       = 86,
	number       = 1,
	pages        = {113--143},
	doi          = {10.4171/CMH/220},
	issn         = {0010-2571},
	url          = {https://doi.org/10.4171/CMH/220},
	fjournal     = {Commentarii Mathematici Helvetici. A Journal of the Swiss Mathematical Society},
	mrclass      = {60B15 (20F69 30F15 43A07 60G50 60J50)},
	mrnumber     = 2745278,
	mrreviewer   = {Wolfgang Woess}
}
@article{ErschlerKaimanovich2023,
	title        = {Arboreal structures on groups and the associated boundaries},
	author       = {Anna Erschler and Vadim A. Kaimanovich},
	year         = 2023,
	month        = may,
	journal      = {Geometric and Functional Analysis},
	publisher    = {Springer Science and Business Media {LLC}},
	doi          = {10.1007/s00039-023-00633-y},
	url          = {https://doi.org/10.1007/s00039-023-00633-y}
}
@article{ErschlerZheng2020,
	title        = {Growth of periodic {G}rigorchuk groups},
	author       = {Erschler, Anna and Zheng, Tianyi},
	year         = 2020,
	journal      = {Invent. Math.},
	volume       = 219,
	number       = 3,
	pages        = {1069--1155},
	doi          = {10.1007/s00222-019-00922-0},
	issn         = {0020-9910,1432-1297},
	url          = {https://doi.org/10.1007/s00222-019-00922-0},
	fjournal     = {Inventiones Mathematicae},
	mrclass      = {20F69 (60B15 60J05 60J50)},
	mrnumber     = 4055184,
	mrreviewer   = {Victor\ Petrogradsky}
}
@article{ErschlerZheng2022,
	title        = {Law of large numbers for the drift of the two-dimensional wreath product},
	author       = {Erschler, Anna and Zheng, Tianyi},
	year         = 2022,
	journal      = {Probab. Theory Related Fields},
	volume       = 182,
	number       = {3-4},
	pages        = {999--1033},
	doi          = {10.1007/s00440-021-01098-6},
	issn         = {0178-8051,1432-2064},
	url          = {https://doi.org/10.1007/s00440-021-01098-6},
	fjournal     = {Probability Theory and Related Fields},
	mrclass      = {60F15 (20F69 60B15)},
	mrnumber     = 4408508
}
@article{EskinFisherWhyte2012,
	title        = {Coarse differentiation of quasi-isometries {I}: {S}paces not quasi-isometric to {C}ayley graphs},
	author       = {Eskin, Alex and Fisher, David and Whyte, Kevin},
	year         = 2012,
	journal      = {Ann. of Math. (2)},
	volume       = 176,
	number       = 1,
	pages        = {221--260},
	doi          = {10.4007/annals.2012.176.1.3},
	issn         = {0003-486X,1939-8980},
	url          = {https://doi.org/10.4007/annals.2012.176.1.3},
	fjournal     = {Annals of Mathematics. Second Series},
	mrclass      = {22E25 (05C05 05C76 20F65)},
	mrnumber     = 2925383,
	mrreviewer   = {B.\ Sury}
}
@article{EskinFisherWhyte2013,
	title        = {Coarse differentiation of quasi-isometries {II}: {R}igidity for {S}ol and lamplighter groups},
	author       = {Eskin, Alex and Fisher, David and Whyte, Kevin},
	year         = 2013,
	journal      = {Ann. of Math. (2)},
	volume       = 177,
	number       = 3,
	pages        = {869--910},
	doi          = {10.4007/annals.2013.177.3.2},
	issn         = {0003-486X,1939-8980},
	url          = {https://doi.org/10.4007/annals.2013.177.3.2},
	fjournal     = {Annals of Mathematics. Second Series},
	mrclass      = {22E25 (05C05 20F65)},
	mrnumber     = 3034290,
	mrreviewer   = {B.\ Sury}
}
@article{FeldheimSodin2020,
	title        = {The umpteen operator and its {L}ifshitz tails},
	author       = {Feldheim, Ohad N and Sodin, Sasha},
	year         = 2020,
	journal      = {arXiv preprint arXiv:2010.01552}
}
@unpublished{ForghaniKaimanovichINPREP,
	title        = {Boundary preserving transformations of random walks},
	author       = {Forghani, B. and Kaimanovich, V. A.},
	note         = {In preparation}
}
@phdthesis{ForghaniThesis2015,
	title        = {{Transformed Random Walks}},
	author       = {Forghani, Behrang},
	year         = 2015,
	address      = {Ottawa, Ontario, Canada},
	url          = {https://ruor.uottawa.ca/handle/10393/32538},
	school       = {Universit{\ifmmode\acute{e}\else\'{e}\fi} d'Ottawa / University of}
}
@article{ForghaniTiozzo2019,
	title        = {Random walks of infinite moment on free semigroups},
	author       = {Forghani, Behrang and Tiozzo, Giulio},
	year         = 2019,
	journal      = {Probab. Theory Related Fields},
	volume       = 175,
	number       = {3-4},
	pages        = {1099--1122},
	doi          = {10.1007/s00440-019-00911-7},
	issn         = {0178-8051},
	url          = {https://doi.org/10.1007/s00440-019-00911-7},
	fjournal     = {Probability Theory and Related Fields},
	mrclass      = {60G50 (05C81 60J50)},
	mrnumber     = 4026614
}
@article{FrischHartmanTamuzVahidi2019,
	title        = {Choquet-{D}eny groups and the infinite conjugacy class property},
	author       = {Frisch, Joshua and Hartman, Yair and Tamuz, Omer and Vahidi Ferdowsi, Pooya},
	year         = 2019,
	journal      = {Ann. of Math. (2)},
	volume       = 190,
	number       = 1,
	pages        = {307--320},
	doi          = {10.4007/annals.2019.190.1.5},
	issn         = {0003-486X,1939-8980},
	url          = {https://doi.org/10.4007/annals.2019.190.1.5},
	fjournal     = {Annals of Mathematics. Second Series},
	mrclass      = {60B15},
	mrnumber     = 3990605,
	mrreviewer   = {Michael\ Voit}
}
@article{FrischSilva2023,
	title        = {The {P}oisson boundary of wreath products},
	author       = {Joshua Frisch and Eduardo Silva},
	year         = 2023,
	journal      = {arXiv:2310.10160},
	eprint       = {2310.10160},
	archiveprefix = {arXiv},
	primaryclass = {math.GR},
	ee           = {http://arxiv.org/abs/2310.10160}
}
@article{Furstenberg1963,
	title        = {A {P}oisson formula for semi-simple {L}ie groups},
	author       = {Furstenberg, Harry},
	year         = 1963,
	journal      = {Ann. of Math. (2)},
	volume       = 77,
	pages        = {335--386},
	doi          = {10.2307/1970220},
	issn         = {0003-486X},
	url          = {https://doi.org/10.2307/1970220},
	fjournal     = {Annals of Mathematics. Second Series},
	mrclass      = {22.65},
	mrnumber     = 146298,
	mrreviewer   = {S.\ Helgason}
}
@article{Furstenberg1965,
	title        = {Translation-invariant cones of functions on semi-simple {L}ie groups},
	author       = {Furstenberg, Harry},
	year         = 1965,
	journal      = {Bull. Amer. Math. Soc.},
	volume       = 71,
	pages        = {271--326},
	doi          = {10.1090/S0002-9904-1965-11283-6},
	issn         = {0002-9904},
	url          = {https://doi.org/10.1090/S0002-9904-1965-11283-6},
	fjournal     = {Bulletin of the American Mathematical Society},
	mrclass      = {22.65},
	mrnumber     = 177062,
	mrreviewer   = {R.\ A.\ Gangolli}
}
@article{Furstenberg1967,
	title        = {Poisson boundaries and envelopes of discrete groups},
	author       = {Furstenberg, Harry},
	year         = 1967,
	journal      = {Bull. Amer. Math. Soc.},
	volume       = 73,
	pages        = {350--356},
	doi          = {10.1090/S0002-9904-1967-11748-8},
	issn         = {0002-9904},
	url          = {https://doi.org/10.1090/S0002-9904-1967-11748-8},
	fjournal     = {Bulletin of the American Mathematical Society},
	mrclass      = {22.50},
	mrnumber     = 210812,
	mrreviewer   = {R.\ A.\ Gangolli}
}
@incollection{Furstenberg1971,
	title        = {Random walks and discrete subgroups of {L}ie groups},
	author       = {Furstenberg, Harry},
	year         = 1971,
	booktitle    = {Advances in {P}robability and {R}elated {T}opics, {V}ol. 1},
	publisher    = {Dekker, New York},
	pages        = {1--63},
	mrclass      = {28.75 (22.00)},
	mrnumber     = {0284569},
	mrreviewer   = {H. Kesten}
}
@inproceedings{Furstenberg1973,
	title        = {Boundary theory and stochastic processes on homogeneous spaces},
	author       = {Furstenberg, Harry},
	year         = 1973,
	booktitle    = {Harmonic analysis on homogeneous spaces ({P}roc. {S}ympos. {P}ure {M}ath., {V}ol. {XXVI}, {W}illiams {C}oll., {W}illiamstown, {M}ass., 1972)},
	publisher    = {Amer. Math. Soc., Providence, R.I.},
	pages        = {193--229},
	mrclass      = {22E40 (60J50)},
	mrnumber     = {0352328},
	mrreviewer   = {R. G. Laha}
}
@article{Gaboriau2005,
	title        = {Invariant percolation and harmonic {D}irichlet functions},
	author       = {Gaboriau, D.},
	year         = 2005,
	journal      = {Geom. Funct. Anal.},
	volume       = 15,
	number       = 5,
	pages        = {1004--1051},
	doi          = {10.1007/s00039-005-0539-2},
	issn         = {1016-443X,1420-8970},
	url          = {https://doi.org/10.1007/s00039-005-0539-2},
	fjournal     = {Geometric and Functional Analysis},
	mrclass      = {60K35 (37A20)},
	mrnumber     = 2221157,
	mrreviewer   = {Filippo\ Cesi}
}
@article{GekhtmanTaylorTiozzo2022,
	title        = {Central limit theorems for counting measures in coarse negative curvature},
	author       = {Gekhtman, Ilya and Taylor, Samuel J. and Tiozzo, Giulio},
	year         = 2022,
	journal      = {Compos. Math.},
	volume       = 158,
	number       = 10,
	pages        = {1980--2013},
	doi          = {10.1112/S0010437X22007680},
	issn         = {0010-437X,1570-5846},
	url          = {https://doi.org/10.1112/S0010437X22007680},
	fjournal     = {Compositio Mathematica},
	mrclass      = {60F05 (20F67 57M60)},
	mrnumber     = 4504671
}
@article{GenevoisTessera2021,
	title        = {{Asymptotic geometry of lamplighters over one-ended groups}},
	author       = {Genevois, Anthony and Tessera, Romain},
	year         = 2021,
	month        = may,
	journal      = {arXiv:2105.04878},
	doi          = {10.48550/arXiv.2105.04878},
	eprint       = {2105.04878}
}
@article{Gilch2008,
	title        = {Acceleration of lamplighter random walks},
	author       = {Gilch, L. A.},
	year         = 2008,
	journal      = {Markov Process. Related Fields},
	volume       = 14,
	number       = 4,
	pages        = {465--486},
	issn         = {1024-2953},
	fjournal     = {Markov Processes and Related Fields},
	mrclass      = {60G50 (20E22 20P05 60B15)},
	mrnumber     = 2473764,
	mrreviewer   = {Fr\'{e}d\'{e}ric\ Math\'{e}us}
}
@article{Gouezel2017,
	title        = {Analyticity of the entropy and the escape rate of random walks in hyperbolic groups},
	author       = {Gou{\"e}zel, S{\'e}bastien},
	year         = 2017,
	journal      = {Discrete Anal.},
	volume       = 2017,
	pages        = 37,
	doi          = {10.19086/da.1639},
	issn         = {2397-3129},
	note         = {Id/No 7},
	fjournal     = {Discrete Analysis},
	language     = {English},
	keywords     = {60J05,60B15,20F67},
	zbmath       = 6999177,
	zbl          = {1404.60099}
}
@article{Gouezel2022,
	title        = {Exponential bounds for random walks on hyperbolic spaces without moment conditions},
	author       = {Gou{\"e}zel, S{\'e}bastien},
	year         = 2022,
	journal      = {Tunis. J. Math.},
	volume       = 4,
	number       = 4,
	pages        = {635--671},
	doi          = {10.2140/tunis.2022.4.635},
	issn         = {2576-7658,2576-7666},
	url          = {https://doi.org/10.2140/tunis.2022.4.635},
	fjournal     = {Tunisian Journal of Mathematics},
	mrclass      = {60B15 (20F67 20P05 60F10)},
	mrnumber     = 4533553,
	mrreviewer   = {H\'el\`ene\ Airault}
}
@article{Gromov2008,
	title        = {Entropy and isoperimetry for linear and non-linear group actions},
	author       = {Gromov, Misha},
	year         = 2008,
	journal      = {Groups Geom. Dyn.},
	volume       = 2,
	number       = 4,
	pages        = {499--593},
	doi          = {10.4171/GGD/48},
	issn         = {1661-7207},
	url          = {https://doi.org/10.4171/GGD/48},
	fjournal     = {Groups, Geometry, and Dynamics},
	mrclass      = {37A35 (20F05 20F65 43A07 51F99 52A37 94A17)},
	mrnumber     = 2442946,
	mrreviewer   = {Dave Witte Morris}
}
@article{Guba2010,
	title        = {On the conjugacy growth functions of groups},
	author       = {Guba, Victor and Sapir, Mark},
	year         = 2010,
	journal      = {Illinois J. Math.},
	volume       = 54,
	number       = 1,
	pages        = {301--313},
	issn         = {0019-2082,1945-6581},
	url          = {http://projecteuclid.org/euclid.ijm/1299679750},
	fjournal     = {Illinois Journal of Mathematics},
	mrclass      = {20F65 (20E45 20F69)},
	mrnumber     = 2776997,
	mrreviewer   = {Michel\ Coornaert}
}
@incollection{Guivarch1980,
	title        = {Sur la loi des grands nombres et le rayon spectral d'une marche al\'{e}atoire.},
	author       = {Guivarc'h, Y.},
	year         = 1980,
	booktitle    = {Conference on {R}andom {W}alks ({K}leebach, 1979) ({F}rench),},
	publisher    = {,},
	series       = {Ast\'{e}risque, 74,},
	pages        = {47--98, 3,},
	mrclass      = {60B15 (60F15)},
	mrnumber     = 588157,
	mrreviewer   = {Yves\ Derriennic}
}
@article{Hammerslet1962,
	title        = {Generalization of the fundamental theorem on sub-additive functions},
	author       = {Hammersley, J. M.},
	year         = 1962,
	journal      = {Proc. Cambridge Philos. Soc.},
	volume       = 58,
	pages        = {235--238},
	doi          = {10.1017/s030500410003646x},
	issn         = {0008-1981},
	url          = {https://doi.org/10.1017/s030500410003646x},
	fjournal     = {Proceedings of the Cambridge Philosophical Society},
	mrclass      = {26.99},
	mrnumber     = 137800,
	mrreviewer   = {T.\ A.\ Botts}
}
@article{Horbez2018,
	title        = {Central limit theorems for mapping class groups and {{\(\operatorname{Out}(F_N)\)}}},
	author       = {Horbez, Camille},
	year         = 2018,
	journal      = {Geom. Topol.},
	volume       = 22,
	number       = 1,
	pages        = {105--156},
	doi          = {10.2140/gt.2018.22.105},
	issn         = {1465-3060},
	fjournal     = {Geometry \& Topology},
	language     = {English},
	keywords     = {60B15,60F05,20F65,20F28},
	zbmath       = 6805077,
	zbl          = {1439.60008}
}
@article{Hutchcroft2023,
	title        = {Transience and anchored isoperimetric dimension of supercritical percolation clusters},
	author       = {Hutchcroft, Tom},
	year         = 2023,
	journal      = {Electron. J. Probab.},
	volume       = 28,
	pages        = {Paper No. 14, 15},
	doi          = {10.1214/23-ejp905},
	issn         = {1083-6489},
	url          = {https://doi.org/10.1214/23-ejp905},
	fjournal     = {Electronic Journal of Probability},
	mrclass      = {60K35 (60J99)},
	mrnumber     = 4536689,
	mrreviewer   = {Akira\ Sakai}
}
@article{Ivanov1994,
	title        = {The free {B}urnside groups of sufficiently large exponents},
	author       = {Ivanov, Sergei V.},
	year         = 1994,
	journal      = {Internat. J. Algebra Comput.},
	volume       = 4,
	number       = {1-2},
	pages        = {ii+308},
	doi          = {10.1142/S0218196794000026},
	issn         = {0218-1967,1793-6500},
	url          = {https://doi.org/10.1142/S0218196794000026},
	fjournal     = {International Journal of Algebra and Computation},
	mrclass      = {20F50 (20F05 20F06)},
	mrnumber     = 1283947,
	mrreviewer   = {A.\ Yu.\ Ol\cprime shanski\u{\i}}
}
@article{JainPruitt1970,
	title        = {The central limit theorem for the range of transient random walk},
	author       = {Jain, Naresh C. and Pruitt, William E.},
	year         = 1970,
	journal      = {Bull. Amer. Math. Soc.},
	volume       = 76,
	pages        = {758--759},
	doi          = {10.1090/S0002-9904-1970-12536-8},
	issn         = {0002-9904},
	url          = {https://doi.org/10.1090/S0002-9904-1970-12536-8},
	fjournal     = {Bulletin of the American Mathematical Society},
	mrclass      = {60.66},
	mrnumber     = 258135,
	mrreviewer   = {V.\ K.\ Rohatgi}
}
@article{JainPruitt1971,
	title        = {The range of transient random walk},
	author       = {Jain, Naresh C. and Pruitt, William E.},
	year         = 1971,
	journal      = {J. Analyse Math.},
	volume       = 24,
	pages        = {369--393},
	doi          = {10.1007/BF02790380},
	issn         = {0021-7670,1565-8538},
	url          = {https://doi.org/10.1007/BF02790380},
	fjournal     = {Journal d'Analyse Math\'ematique},
	mrclass      = {60.66},
	mrnumber     = 283890,
	mrreviewer   = {J.\ R.\ Kinney}
}
@article{JamesPeres1996,
	title        = {Cutpoints and exchangeable events for random walks},
	author       = {James, N. and Peres, Y.},
	year         = 1996,
	journal      = {Teor. Veroyatnost. i Primenen.},
	volume       = 41,
	number       = 4,
	pages        = {854--868},
	doi          = {10.1137/S0040585X97975745},
	issn         = {0040-361X},
	url          = {https://doi.org/10.1137/S0040585X97975745},
	fjournal     = {Rossi\u{\i}skaya Akademiya Nauk. Teoriya Veroyatnoste\u{\i} i ee Primeneniya},
	mrclass      = {60J10 (60G50)},
	mrnumber     = 1687097,
	mrreviewer   = {Vadim A. Ka\u{\i}manovich}
}
@article{KaimanovcihVershik1983,
	title        = {Random walks on discrete groups: boundary and entropy},
	author       = {Kaimanovich, V. A. and Vershik, A. M.},
	year         = 1983,
	journal      = {Ann. Probab.},
	volume       = 11,
	number       = 3,
	pages        = {457--490},
	issn         = {0091-1798},
	url          = {http://links.jstor.org/sici?sici=0091-1798(198308)11:3<457:RWODGB>2.0.CO;2-5&origin=MSN},
	fjournal     = {The Annals of Probability},
	mrclass      = {60B15 (43A07 60J15)},
	mrnumber     = 704539,
	mrreviewer   = {Yves Derriennic}
}
@article{Kaimanovich1983,
	title        = {Examples of nonabelian discrete groups with nontrivial exit boundary},
	author       = {Kaimanovich, V. A.},
	year         = 1983,
	journal      = {Zap. Nauchn. Sem. Leningrad. Otdel. Mat. Inst. Steklov. (LOMI)},
	volume       = 123,
	pages        = {167--184},
	issn         = {0373-2703},
	note         = {Differential geometry, Lie groups and mechanics, V},
	fjournal     = {Zapiski Nauchnykh Seminarov Leningradskogo Otdeleniya Matematicheskogo Instituta imeni V. A. Steklova Akademii Nauk SSSR (LOMI)},
	mrclass      = {60B15 (60J15 60J50)},
	mrnumber     = 697250,
	mrreviewer   = {P. Gerl}
}
@incollection{Kaimanovich1990,
	title        = {Boundary and entropy of random walks in random environment},
	author       = {Kaimanovich, V. A.},
	year         = 1990,
	booktitle    = {Probability theory and mathematical statistics, {V}ol.\ {I} ({V}ilnius, 1989)},
	publisher    = {``Mokslas'', Vilnius},
	pages        = {573--579},
	isbn         = {90-6764-128-6},
	mrclass      = {60J15 (60J50 60J80 60K05)},
	mrnumber     = 1153846,
	mrreviewer   = {Yves\ Derriennic}
}
@incollection{Kaimanovich1991,
	title        = {Poisson boundaries of random walks on discrete solvable groups},
	author       = {Kaimanovich, Vadim A.},
	year         = 1991,
	booktitle    = {Probability measures on groups, {X} ({O}berwolfach, 1990)},
	publisher    = {Plenum, New York},
	pages        = {205--238},
	mrclass      = {60B15 (31C05 60F15 60J15 60J50)},
	mrnumber     = 1178986,
	mrreviewer   = {Albert Raugi}
}
@article{Kaimanovich2000,
	title        = {The {P}oisson formula for groups with hyperbolic properties},
	author       = {Kaimanovich, Vadim A.},
	year         = 2000,
	journal      = {Ann. of Math. (2)},
	volume       = 152,
	number       = 3,
	pages        = {659--692},
	doi          = {10.2307/2661351},
	issn         = {0003-486X},
	url          = {https://doi.org/10.2307/2661351},
	fjournal     = {Annals of Mathematics. Second Series},
	mrclass      = {60J35 (20F67 28D20 31C05 60G50 60J50)},
	mrnumber     = 1815698,
	mrreviewer   = {Wolfgang Woess}
}
@unpublished{Kaimanovich2001,
	title        = {Poisson boundary of discrete groups, a survey},
	author       = {Kaimanovich, Vadim A.},
	year         = 2001
}
@article{KaimanovichMasur1996,
	title        = {The {P}oisson boundary of the mapping class group},
	author       = {Kaimanovich, Vadim A. and Masur, Howard},
	year         = 1996,
	journal      = {Invent. Math.},
	volume       = 125,
	number       = 2,
	pages        = {221--264},
	doi          = {10.1007/s002220050074},
	issn         = {0020-9910},
	url          = {https://doi.org/10.1007/s002220050074},
	fjournal     = {Inventiones Mathematicae},
	mrclass      = {32G15 (30F60 57N05 60J15 60J50)},
	mrnumber     = 1395719,
	mrreviewer   = {Michel Coornaert}
}
@incollection{KaimanovichSobieczky2012,
	title        = {Random walks on random horospheric products},
	author       = {Kaimanovich, Vadim A. and Sobieczky, Florian},
	year         = 2012,
	booktitle    = {Dynamical systems and group actions},
	publisher    = {Amer. Math. Soc., Providence, RI},
	series       = {Contemp. Math.},
	volume       = 567,
	pages        = {163--183},
	doi          = {10.1090/conm/567/11255},
	isbn         = {978-0-8218-6922-2},
	url          = {https://doi.org/10.1090/conm/567/11255},
	mrclass      = {37A20 (05C81 37A50 60J50)},
	mrnumber     = 2931917,
	mrreviewer   = {Sara\ Brofferio}
}
@article{KaraganisCubeGraph1968,
	title        = {On the cube of a graph},
	author       = {Karaganis, Jerome J.},
	year         = 1968,
	journal      = {Canad. Math. Bull.},
	volume       = 11,
	pages        = {295--296},
	doi          = {10.4153/CMB-1968-037-0},
	issn         = {0008-4395},
	url          = {https://doi.org/10.4153/CMB-1968-037-0},
	fjournal     = {Canadian Mathematical Bulletin. Bulletin Canadien de Math\'{e}matiques},
	mrclass      = {05.45},
	mrnumber     = 230645,
	mrreviewer   = {M. D. Plummer}
}
@article{KarlssonWoess2007,
	title        = {The {P}oisson boundary of lamplighter random walks on trees},
	author       = {Karlsson, Anders and Woess, Wolfgang},
	year         = 2007,
	journal      = {Geom. Dedicata},
	volume       = 124,
	pages        = {95--107},
	doi          = {10.1007/s10711-006-9104-x},
	issn         = {0046-5755},
	url          = {https://doi.org/10.1007/s10711-006-9104-x},
	fjournal     = {Geometriae Dedicata},
	mrclass      = {60J50 (05C05 20E08 31C20 60J45)},
	mrnumber     = 2318539,
	mrreviewer   = {Donald I. Cartwright}
}
@article{Kesten1959,
	title        = {Symmetric random walks on groups},
	author       = {Kesten, Harry},
	year         = 1959,
	journal      = {Trans. Amer. Math. Soc.},
	volume       = 92,
	pages        = {336--354},
	doi          = {10.2307/1993160},
	issn         = {0002-9947,1088-6850},
	url          = {https://doi.org/10.2307/1993160},
	fjournal     = {Transactions of the American Mathematical Society},
	mrclass      = {60.00 (20.00)},
	mrnumber     = 109367,
	mrreviewer   = {H.\ Bergstr\"{o}m}
}
@article{KharlampovichMoghaddam2012,
	title        = {Approximation of geodesics in metabelian groups},
	author       = {Kharlampovich, Olga and Moghaddam, Atefeh Mohajeri},
	year         = 2012,
	journal      = {Internat. J. Algebra Comput.},
	volume       = 22,
	number       = 2,
	pages        = {1250012, 10},
	doi          = {10.1142/S0218196711006789},
	issn         = {0218-1967},
	url          = {https://doi.org/10.1142/S0218196711006789},
	fjournal     = {International Journal of Algebra and Computation},
	mrclass      = {20F10 (20F65 68Q25 68W25)},
	mrnumber     = 2903747,
	mrreviewer   = {Eric M. Freden}
}
@article{Krat1999,
	title        = {Asymptotic properties of the {H}eisenberg group},
	author       = {Krat, S. A.},
	year         = 1999,
	journal      = {Zap. Nauchn. Sem. S.-Peterburg. Otdel. Mat. Inst. Steklov. (POMI)},
	volume       = 261,
	pages        = {125--154, 268},
	doi          = {10.1023/A:1015306413677},
	issn         = {0373-2703},
	url          = {https://doi.org/10.1023/A:1015306413677},
	fjournal     = {Rossi\u{\i}skaya Akademiya Nauk. Sankt-Peterburgskoe Otdelenie. Matematicheski\u{\i} Institut im. V. A. Steklova. Zapiski Nauchnykh Seminarov (POMI)},
	mrclass      = {20F69 (20F18)},
	mrnumber     = 1758422,
	mrreviewer   = {Alexander\ N.\ Dranishnikov}
}
@article{kropholler2020mediumscale,
	title        = {Medium-scale curvature at larger radii in finitely generated groups},
	author       = {Robert Kropholler and Brendan Mallery},
	year         = 2020,
	journal      = {arXiv preprint arXiv:2004.10801},
	eprint       = {2004.10801},
	archiveprefix = {arXiv},
	primaryclass = {math.GR}
}
@article{LearyMinasyan2021,
	title        = {Commensurating {HNN} extensions: nonpositive curvature and biautomaticity},
	author       = {Leary, Ian J. and Minasyan, Ashot},
	year         = 2021,
	journal      = {Geom. Topol.},
	volume       = 25,
	number       = 4,
	pages        = {1819--1860},
	doi          = {10.2140/gt.2021.25.1819},
	issn         = {1465-3060,1364-0380},
	url          = {https://doi.org/10.2140/gt.2021.25.1819},
	fjournal     = {Geometry \& Topology},
	mrclass      = {20F10 (20E06 20F67)},
	mrnumber     = 4286364,
	mrreviewer   = {Olga\ Varghese}
}
@misc{LeBars2022,
	title        = {Central limit theorem on {CAT}(0) spaces with contracting isometries},
	author       = {Corentin Le Bars},
	year         = 2022,
	eprint       = {2209.11648},
	archiveprefix = {arXiv},
	primaryclass = {math.GR}
}
@incollection{Ledrappier2001,
	title        = {Some asymptotic properties of random walks on free groups},
	author       = {Ledrappier, Fran\c{c}ois},
	year         = 2001,
	booktitle    = {Topics in probability and {L}ie groups: boundary theory},
	publisher    = {Amer. Math. Soc., Providence, RI},
	series       = {CRM Proc. Lecture Notes},
	volume       = 28,
	pages        = {117--152},
	doi          = {10.1090/crmp/028/05},
	isbn         = {0-8218-0275-5},
	url          = {https://doi.org/10.1090/crmp/028/05},
	mrclass      = {60J50 (60B15 60G50)},
	mrnumber     = 1832436,
	mrreviewer   = {Wolfgang\ Woess}
}
@article{Lehnert2009some,
	title        = {Some remarks on depth of dead ends in groups},
	author       = {Lehnert, J\"{o}rg},
	year         = 2009,
	journal      = {Internat. J. Algebra Comput.},
	volume       = 19,
	number       = 4,
	pages        = {585--594},
	doi          = {10.1142/S0218196709005238},
	issn         = {0218-1967},
	url          = {https://doi.org/10.1142/S0218196709005238},
	fjournal     = {International Journal of Algebra and Computation},
	mrclass      = {20F05 (20B30)},
	mrnumber     = 2536193,
	mrreviewer   = {Robert Duncan Gray}
}
@article{LyonsPeres2021,
	title        = {Poisson boundaries of lamplighter groups: proof of the {K}aimanovich-{V}ershik conjecture},
	author       = {Lyons, Russell and Peres, Yuval},
	year         = 2021,
	journal      = {J. Eur. Math. Soc. (JEMS)},
	volume       = 23,
	number       = 4,
	pages        = {1133--1160},
	doi          = {10.4171/jems/1030},
	issn         = {1435-9855},
	url          = {https://doi.org/10.4171/jems/1030},
	fjournal     = {Journal of the European Mathematical Society (JEMS)},
	mrclass      = {20F69 (20P05 43A05 60B15 60J50)},
	mrnumber     = 4228277,
	mrreviewer   = {Ryokichi Tanaka}
}
@article{Lysenok1996,
	title        = {Infinite {B}urnside groups of even period},
	author       = {Lys\"{e}nok, I. G.},
	year         = 1996,
	journal      = {Izv. Ross. Akad. Nauk Ser. Mat.},
	volume       = 60,
	number       = 3,
	pages        = {3--224},
	doi          = {10.1070/IM1996v060n03ABEH000077},
	issn         = {1607-0046,2587-5906},
	url          = {https://doi.org/10.1070/IM1996v060n03ABEH000077},
	fjournal     = {Izvestiya Rossiiskoi Akademii Nauk. Seriya Matematicheskaya},
	mrclass      = {20F50 (20F05 20F06)},
	mrnumber     = 1405529,
	mrreviewer   = {Victor\ S.\ Guba}
}
@article{MaherTiozzo2018,
	title        = {Random walks on weakly hyperbolic groups},
	author       = {Maher, Joseph and Tiozzo, Giulio},
	year         = 2018,
	journal      = {J. Reine Angew. Math.},
	volume       = 742,
	pages        = {187--239},
	doi          = {10.1515/crelle-2015-0076},
	issn         = {0075-4102,1435-5345},
	url          = {https://doi.org/10.1515/crelle-2015-0076},
	fjournal     = {Journal f\"{u}r die Reine und Angewandte Mathematik. [Crelle's Journal]},
	mrclass      = {20F67 (20F65 20P05 37D40 60B15 60G50)},
	mrnumber     = 3849626,
	mrreviewer   = {Peter\ Ha\"{\i}ssinsky}
}
@article{Margulis1966,
	title        = {Positive harmonic functions on nilpotent groups},
	author       = {Margulis, G. A.},
	year         = 1966,
	journal      = {Soviet Math. Dokl., Soviet Mathematics. Doklady, 7},
	pages        = {241--244},
	0197-6788,
	mrclass      = {22.65 (31.00)},
	mrnumber     = 222217,
	mrreviewer   = {H.\ Kesten}
}
@article{MathieuSisto2020,
	title        = {Deviation inequalities for random walks},
	author       = {Mathieu, P. and Sisto, A.},
	year         = 2020,
	journal      = {Duke Math. J.},
	volume       = 169,
	number       = 5,
	pages        = {961--1036},
	doi          = {10.1215/00127094-2019-0067},
	issn         = {0012-7094,1547-7398},
	url          = {https://doi.org/10.1215/00127094-2019-0067},
	fjournal     = {Duke Mathematical Journal},
	mrclass      = {60G50 (20F65 20F67)},
	mrnumber     = 4079419
}
@article{MrazovicSandriSebek2023,
	title        = {Capacity of the range of random walks on groups},
	author       = {Mrazovi\'{c}, Rudi and Sandri\'{c}, Nikola and {\v{S}}ebek, Stjepan},
	year         = 2023,
	journal      = {Kyoto J. Math.},
	volume       = 63,
	number       = 4,
	pages        = {783--805},
	doi          = {10.1215/21562261-2023-0003},
	issn         = {2156-2261,2154-3321},
	url          = {https://doi.org/10.1215/21562261-2023-0003},
	fjournal     = {Kyoto Journal of Mathematics},
	mrclass      = {60G50 (05C81 60F05)},
	mrnumber     = 4643004
}
@article{Nekrashevych1998,
	title        = {Quasi-isometric hyperbolic groups are bi-{L}ipschitz equivalent},
	author       = {Nekrashevych, V. V.},
	year         = 1998,
	journal      = {Dopov. Nats. Akad. Nauk Ukr. Mat. Prirodozn. Tekh. Nauki},
	number       = 1,
	pages        = {32--35},
	issn         = {1025-6415,2518-153X},
	fjournal     = {Dopov\={\i}d\={\i} Nats\={\i}onal\cprime no\"{\i} Akadem\={\i}\"{\i} Nauk Ukra\"{\i}ni. Matematika. Prirodoznavstvo. Tekhn\={\i}chn\={\i} Nauki},
	mrclass      = {20F67 (20F65 20F69 53C23)},
	mrnumber     = 1693847,
	mrreviewer   = {Michel\ Coornaert}
}
@article{NovikovAdjan1968,
	title        = {Infinite periodic groups. {III}},
	author       = {Adjan, S. I. and Novikov, P. S.},
	year         = 1968,
	journal      = {Izv. Akad. Nauk SSSR Ser. Mat.},
	volume       = 32,
	pages        = {709--731},
	issn         = {0373-2436},
	fjournal     = {Izvestiya Akademii Nauk SSSR. Seriya Matematicheskaya},
	mrclass      = {20.15},
	mrnumber     = 240180,
	mrreviewer   = {F.\ Haimo}
}
@article{Olshanski1982,
	title        = {The {N}ovikov-{A}dyan theorem},
	author       = {Olshanskii, A. Yu.},
	year         = 1982,
	journal      = {Mat. Sb. (N.S.)},
	volume       = {118(160)},
	number       = 2,
	pages        = {203--235, 287},
	issn         = {0368-8666},
	fjournal     = {Matematicheski\u{i} Sbornik. Novaya Seriya},
	mrclass      = {20F50},
	mrnumber     = 658789,
	mrreviewer   = {J.\ Wiegold}
}
@article{OlshanskiiOsin2013,
	title        = {A quasi-isometric embedding theorem for groups},
	author       = {Olshanskii, Alexander Yu. and Osin, Denis V.},
	year         = 2013,
	journal      = {Duke Math. J.},
	volume       = 162,
	number       = 9,
	pages        = {1621--1648},
	doi          = {10.1215/00127094-2266251},
	issn         = {0012-7094},
	url          = {https://doi.org/10.1215/00127094-2266251},
	fjournal     = {Duke Mathematical Journal},
	mrclass      = {20F65 (20E22 20F16 20F69)},
	mrnumber     = 3079257,
	mrreviewer   = {\L ukasz Garncarek}
}
@article{Pansu1983,
	title        = {Croissance des boules et des g\'{e}od\'{e}siques ferm\'{e}es dans les nilvari\'{e}t\'{e}s},
	author       = {Pansu, Pierre},
	year         = 1983,
	journal      = {Ergodic Theory Dynam. Systems},
	volume       = 3,
	number       = 3,
	pages        = {415--445},
	doi          = {10.1017/S0143385700002054},
	issn         = {0143-3857,1469-4417},
	url          = {https://doi.org/10.1017/S0143385700002054},
	fjournal     = {Ergodic Theory and Dynamical Systems},
	mrclass      = {53C20 (20F18 22E25 58E10)},
	mrnumber     = 741395,
	mrreviewer   = {Victor\ Bangert}
}
@article{Parry1992,
	title        = {Growth series of some wreath products},
	author       = {Parry, Walter},
	year         = 1992,
	journal      = {Trans. Amer. Math. Soc.},
	volume       = 331,
	number       = 2,
	pages        = {751--759},
	doi          = {10.2307/2154138},
	issn         = {0002-9947,1088-6850},
	url          = {https://doi.org/10.2307/2154138},
	fjournal     = {Transactions of the American Mathematical Society},
	mrclass      = {20F32 (05C25 20E22)},
	mrnumber     = 1062874,
	mrreviewer   = {John\ D. P. Meldrum}
}
@article{riley2006unbounded,
	title        = {The unbounded dead-end depth property is not a group invariant},
	author       = {Riley, Tim R. and Warshall, Andrew D.},
	year         = 2006,
	journal      = {Internat. J. Algebra Comput.},
	volume       = 16,
	number       = 5,
	pages        = {969--983},
	doi          = {10.1142/S0218196706003347},
	issn         = {0218-1967},
	url          = {https://doi.org/10.1142/S0218196706003347},
	fjournal     = {International Journal of Algebra and Computation},
	mrclass      = {20F65 (05C12 20F05)},
	mrnumber     = 2274725,
	mrreviewer   = {Stephan Rosebrock}
}
@article{Rosenblatt1981,
	title        = {Ergodic and mixing random walks on locally compact groups},
	author       = {Rosenblatt, Joseph},
	year         = 1981,
	journal      = {Math. Ann.},
	volume       = 257,
	number       = 1,
	pages        = {31--42},
	doi          = {10.1007/BF01450653},
	issn         = {0025-5831},
	url          = {https://doi.org/10.1007/BF01450653},
	fjournal     = {Mathematische Annalen},
	mrclass      = {43A05 (28C10 60B15 60J15)},
	mrnumber     = 630645,
	mrreviewer   = {Yves Guivarc'h}
}
@article{Salaun2001,
	title        = {Marche al\'{e}atoire sur un groupe libre: th\'{e}or\`emes limite conditionnellement \`a la sortie},
	author       = {Sala\"{u}n, Fran\c{c}ois},
	year         = 2001,
	journal      = {C. R. Acad. Sci. Paris S\'{e}r. I Math.},
	volume       = 333,
	number       = 4,
	pages        = {359--362},
	doi          = {10.1016/S0764-4442(01)02029-8},
	issn         = {0764-4442},
	url          = {https://doi.org/10.1016/S0764-4442(01)02029-8},
	fjournal     = {Comptes Rendus de l'Acad\'{e}mie des Sciences. S\'{e}rie I. Math\'{e}matique},
	mrclass      = {60B15 (60F05 60F15 60J50)},
	mrnumber     = 1854780
}
@article{Saloff-CosteZheng2018,
	title        = {Isoperimetric profiles and random walks on some permutation wreath products},
	author       = {Saloff-Coste, Laurent and Zheng, Tianyi},
	year         = 2018,
	journal      = {Rev. Mat. Iberoam.},
	volume       = 34,
	number       = 2,
	pages        = {481--540},
	doi          = {10.4171/RMI/994},
	issn         = {0213-2230,2235-0616},
	url          = {https://doi.org/10.4171/RMI/994},
	fjournal     = {Revista Matem\'{a}tica Iberoamericana},
	mrclass      = {20F69 (60J05 60J50)},
	mrnumber     = 3809448,
	mrreviewer   = {Leonid\ Petrov}
}
@article{Saloff-CosteZheng2021,
	title        = {Isoperimetric profiles and random walks on some groups defined by piecewise actions},
	author       = {Saloff-Coste, Laurent and Zheng, Tianyi},
	year         = 2021,
	journal      = {Probab. Theory Related Fields},
	volume       = 181,
	number       = {1-3},
	pages        = {711--756},
	doi          = {10.1007/s00440-021-01067-z},
	issn         = {0178-8051,1432-2064},
	url          = {https://doi.org/10.1007/s00440-021-01067-z},
	fjournal     = {Probability Theory and Related Fields},
	mrclass      = {60J10 (20F65 60F99)},
	mrnumber     = 4341085
}
@article{Sava2010,
	title        = {A note on the {P}oisson boundary of lamplighter random walks},
	author       = {Sava, Ecaterina},
	year         = 2010,
	journal      = {Monatsh. Math.},
	volume       = 159,
	number       = 4,
	pages        = {379--396},
	doi          = {10.1007/s00605-009-0103-5},
	issn         = {0026-9255},
	url          = {https://doi.org/10.1007/s00605-009-0103-5},
	fjournal     = {Monatshefte f\"{u}r Mathematik},
	mrclass      = {60J50 (05C82 20F65 60B15 60G50)},
	mrnumber     = 2600904
}
@article{SawyerSteger1987,
	title        = {The rate of escape for anisotropic random walks in a tree},
	author       = {Sawyer, Stanley and Steger, Tim},
	year         = 1987,
	journal      = {Probab. Theory Related Fields},
	volume       = 76,
	number       = 2,
	pages        = {207--230},
	doi          = {10.1007/BF00319984},
	issn         = {0178-8051,1432-2064},
	url          = {https://doi.org/10.1007/BF00319984},
	fjournal     = {Probability Theory and Related Fields},
	mrclass      = {60J15 (60B15)},
	mrnumber     = 906775,
	mrreviewer   = {Donald\ I.\ Cartwright}
}
@article{Silva2023deadends,
	title        = {{Dead ends on wreath products and lamplighter groups}},
	author       = {Silva, Eduardo},
	year         = 2023,
	month        = aug,
	journal      = {Int. J. Algebra Comput.},
	publisher    = {World Scientific Publishing Co.},
	pages        = {1--42},
	doi          = {10.1142/S0218196723500571},
	issn         = {0218-1967}
}
@article{Silva2023lampshufflers,
	title        = {{The Poisson boundary of lampshuffler groups}},
	author       = {Silva, Eduardo},
	year         = 2023,
	month        = jul,
	journal      = {arXiv},
	doi          = {10.48550/arXiv.2307.08878},
	eprint       = {2307.08878}
}
@article{Stoll1996,
	title        = {Rational and transcendental growth series for the higher {H}eisenberg groups},
	author       = {Stoll, Michael},
	year         = 1996,
	journal      = {Invent. Math.},
	volume       = 126,
	number       = 1,
	pages        = {85--109},
	doi          = {10.1007/s002220050090},
	issn         = {0020-9910,1432-1297},
	url          = {https://doi.org/10.1007/s002220050090},
	fjournal     = {Inventiones Mathematicae},
	mrclass      = {20F05 (20F18 57M07)},
	mrnumber     = 1408557
}
@article{Valiunas2021,
	title        = {Isomorphism classification of {L}eary-{M}inasyan groups},
	author       = {Motiejus Valiunas},
	year         = 2021,
	journal      = {arXiv:2011.08143},
	eprint       = {2011.08143},
	archiveprefix = {arXiv},
	primaryclass = {math.GR},
	ee           = {http://arxiv.org/abs/2011.08143}
}
@article{vsunic2008frobenius,
	title        = {Frobenius problem and dead ends in integers},
	author       = {\v{S}uni\'{c}, Zoran},
	year         = 2008,
	journal      = {J. Number Theory},
	volume       = 128,
	number       = 5,
	pages        = {1211--1223},
	doi          = {10.1016/j.jnt.2007.03.015},
	issn         = {0022-314X},
	url          = {https://doi.org/10.1016/j.jnt.2007.03.015},
	fjournal     = {Journal of Number Theory},
	mrclass      = {11D04 (05C25 20F65)},
	mrnumber     = 2406488,
	mrreviewer   = {Matthias Beck}
}
@article{warshall2008strongly,
	title        = {Strongly t-logarithmic t-generating sets: Geometric properties of some soluble groups},
	author       = {Warshall, Andrew D},
	year         = 2008,
	journal      = {arXiv preprint arXiv:0808.2789}
}
@article{warshall2010deep,
	title        = {Deep pockets in lattices and other groups},
	author       = {Warshall, Andrew D.},
	year         = 2010,
	journal      = {Trans. Amer. Math. Soc.},
	volume       = 362,
	number       = 2,
	pages        = {577--601},
	doi          = {10.1090/S0002-9947-09-04954-X},
	issn         = {0002-9947},
	url          = {https://doi.org/10.1090/S0002-9947-09-04954-X},
	fjournal     = {Transactions of the American Mathematical Society},
	mrclass      = {20F65 (20F18)},
	mrnumber     = 2551498,
	mrreviewer   = {Vitaly A. Roman\cprime kov}
}
@article{warshall2011group,
	title        = {A group with deep pockets for all finite generating sets},
	author       = {Warshall, Andrew D.},
	year         = 2011,
	journal      = {Israel J. Math.},
	volume       = 185,
	pages        = {317--342},
	doi          = {10.1007/s11856-011-0112-7},
	issn         = {0021-2172},
	url          = {https://doi.org/10.1007/s11856-011-0112-7},
	fjournal     = {Israel Journal of Mathematics},
	mrclass      = {20F05 (20F65)},
	mrnumber     = 2837139,
	mrreviewer   = {Marston Conder}
}
@article{Whyte1999,
	title        = {Amenability, bi-{L}ipschitz equivalence, and the von {N}eumann conjecture},
	author       = {Whyte, Kevin},
	year         = 1999,
	journal      = {Duke Math. J.},
	volume       = 99,
	number       = 1,
	pages        = {93--112},
	doi          = {10.1215/S0012-7094-99-09904-0},
	issn         = {0012-7094,1547-7398},
	url          = {https://doi.org/10.1215/S0012-7094-99-09904-0},
	fjournal     = {Duke Mathematical Journal},
	mrclass      = {20F65 (05C25 20E06 53C23)},
	mrnumber     = 1700742,
	mrreviewer   = {Panos\ Papasoglu}
}
@article{Whyte99,
	title        = {Amenability, bi-{L}ipschitz equivalence, and the von {N}eumann conjecture},
	author       = {Whyte, Kevin},
	year         = 1999,
	journal      = {Duke Math. J.},
	volume       = 99,
	number       = 1,
	pages        = {93--112},
	doi          = {10.1215/S0012-7094-99-09904-0},
	issn         = {0012-7094},
	url          = {https://doi.org/10.1215/S0012-7094-99-09904-0},
	fjournal     = {Duke Mathematical Journal},
	mrclass      = {20F65 (05C25 20E06 53C23)},
	mrnumber     = 1700742,
	mrreviewer   = {Panos Papasoglu}
}
@article{Woess2005,
	title        = {Lamplighters, {D}iestel-{L}eader graphs, random walks, and harmonic functions},
	author       = {Woess, Wolfgang},
	year         = 2005,
	journal      = {Combin. Probab. Comput.},
	volume       = 14,
	number       = 3,
	pages        = {415--433},
	doi          = {10.1017/S0963548304006443},
	issn         = {0963-5483},
	url          = {https://doi.org/10.1017/S0963548304006443},
	fjournal     = {Combinatorics, Probability and Computing},
	mrclass      = {60C05 (05C25 60G50 60J45)},
	mrnumber     = 2138121,
	mrreviewer   = {Donald I. Cartwright}
}
@article{Yadin2009,
	title        = {Rate of escape of the mixer chain},
	author       = {Yadin, Ariel},
	year         = 2009,
	journal      = {Electron. Commun. Probab.},
	volume       = 14,
	pages        = {347--357},
	doi          = {10.1214/ECP.v14-1474},
	url          = {https://doi.org/10.1214/ECP.v14-1474},
	fjournal     = {Electronic Communications in Probability},
	mrclass      = {60J10 (60B15)},
	mrnumber     = 2535083,
	mrreviewer   = {Toshio Nakata}
}
@article{ZearraShepherd2023,
	title        = {Separability properties of higher-rank GBS groups},
	author       = {Jone Lopez de Gamiz Zearra and Sam Shepherd},
	year         = 2023,
	journal      = {arXiv:2309.14527},
	eprint       = {2309.14527},
	archiveprefix = {arXiv},
	primaryclass = {math.GR},
	ee           = {http://arxiv.org/abs/2309.14527}
}
@article{Zheng2022,
	title        = {Asymptotic behaviors of random walks on countable groups},
	author       = {Zheng, Tianyi},
	year         = 2022,
	journal      = {Proceedings of the International Congress of Mathematicians},
	note         = {to appear}
}

