@article{BenoistQuint2016,
	title        = {Central limit theorem for linear groups},
	author       = {Benoist, Yves and Quint, Jean-Fran\c{c}ois},
	year         = 2016,
	journal      = {Ann. Probab.},
	volume       = 44,
	number       = 2,
	pages        = {1308--1340},
	doi          = {10.1214/15-AOP1002},
	issn         = {0091-1798,2168-894X},
	url          = {https://doi.org/10.1214/15-AOP1002},
	fjournal     = {The Annals of Probability},
	mrclass      = {60B15 (22E40 60F05 60G42 60G50)},
	mrnumber     = 3474473,
	mrreviewer   = {Michael\ Voit}
}
@article{BenoistQuint2016hyperbolic,
	title        = {Central limit theorem on hyperbolic groups},
	author       = {Benoist, Y. and Quint, J.-F.},
	year         = 2016,
	journal      = {Izv. Math.},
	volume       = 80,
	number       = 1,
	pages        = {3--23},
	doi          = {10.1070/IM8306},
	issn         = {1064-5632},
	fjournal     = {Izvestiya: Mathematics},
	language     = {English},
	keywords     = {20F69,20F67,60F05,60G50,60J50,37D40},
	zbmath       = 6589634,
	zbl          = {1376.20050}
}
@article{Bjorklund2010,
	title        = {Central limit theorems for {G}romov hyperbolic groups},
	author       = {Bj{\"{o}}rklund, Michael},
	year         = 2010,
	journal      = {J. Theoret. Probab.},
	volume       = 23,
	number       = 3,
	pages        = {871--887},
	doi          = {10.1007/s10959-009-0230-x},
	issn         = {0894-9840,1572-9230},
	url          = {https://doi.org/10.1007/s10959-009-0230-x},
	fjournal     = {Journal of Theoretical Probability},
	mrclass      = {60B15 (20F67 60F05 60G50)},
	mrnumber     = 2679960,
	mrreviewer   = {Sara\ Brofferio}
}
@article{Choi2023,
	title        = {Central limit theorem and geodesic tracking on hyperbolic spaces and {Teichm{\"u}ller} spaces},
	author       = {Choi, Inhyeok},
	year         = 2023,
	journal      = {Adv. Math.},
	volume       = 431,
	pages        = 68,
	doi          = {10.1016/j.aim.2023.109236},
	issn         = {0001-8708},
	note         = {Id/No 109236},
	fjournal     = {Advances in Mathematics},
	language     = {English},
	keywords     = {20F67,30F60,57M60,60G50,60B15,60F05},
	zbmath       = 7741086,
	zbl          = {1527.20070}
}
@misc{Choi2023deviation,
	title        = {Random walks and contracting elements {I}: Deviation inequality and Limit laws},
	author       = {Inhyeok Choi},
	year         = 2023,
	eprint       = {2207.06597},
	archiveprefix = {arXiv},
	primaryclass = {math.PR}
}
@article{ErschlerZheng2022,
	title        = {Law of large numbers for the drift of the two-dimensional wreath product},
	author       = {Erschler, Anna and Zheng, Tianyi},
	year         = 2022,
	journal      = {Probab. Theory Related Fields},
	volume       = 182,
	number       = {3-4},
	pages        = {999--1033},
	doi          = {10.1007/s00440-021-01098-6},
	issn         = {0178-8051,1432-2064},
	url          = {https://doi.org/10.1007/s00440-021-01098-6},
	fjournal     = {Probability Theory and Related Fields},
	mrclass      = {60F15 (20F69 60B15)},
	mrnumber     = 4408508
}
@article{GekhtmanTaylorTiozzo2022,
	title        = {Central limit theorems for counting measures in coarse negative curvature},
	author       = {Gekhtman, Ilya and Taylor, Samuel J. and Tiozzo, Giulio},
	year         = 2022,
	journal      = {Compos. Math.},
	volume       = 158,
	number       = 10,
	pages        = {1980--2013},
	doi          = {10.1112/S0010437X22007680},
	issn         = {0010-437X,1570-5846},
	url          = {https://doi.org/10.1112/S0010437X22007680},
	fjournal     = {Compositio Mathematica},
	mrclass      = {60F05 (20F67 57M60)},
	mrnumber     = 4504671
}
@article{Gilch2022,
	title        = {Acceleration of lamplighter random walks},
	author       = {Gilch, L. A.},
	year         = 2008,
	journal      = {Markov Process. Related Fields},
	volume       = 14,
	number       = 4,
	pages        = {465--486},
	issn         = {1024-2953},
	fjournal     = {Markov Processes and Related Fields},
	mrclass      = {60G50 (20E22 20P05 60B15)},
	mrnumber     = 2473764,
	mrreviewer   = {Fr\'{e}d\'{e}ric\ Math\'{e}us}
}
@article{Gouezel2017,
	title        = {Analyticity of the entropy and the escape rate of random walks in hyperbolic groups},
	author       = {Gou{\"e}zel, S{\'e}bastien},
	year         = 2017,
	journal      = {Discrete Anal.},
	volume       = 2017,
	pages        = 37,
	doi          = {10.19086/da.1639},
	issn         = {2397-3129},
	note         = {Id/No 7},
	fjournal     = {Discrete Analysis},
	language     = {English},
	keywords     = {60J05,60B15,20F67},
	zbmath       = 6999177,
	zbl          = {1404.60099}
}
@article{Horbez2018,
	title        = {Central limit theorems for mapping class groups and {{\(\operatorname{Out}(F_N)\)}}},
	author       = {Horbez, Camille},
	year         = 2018,
	journal      = {Geom. Topol.},
	volume       = 22,
	number       = 1,
	pages        = {105--156},
	doi          = {10.2140/gt.2018.22.105},
	issn         = {1465-3060},
	fjournal     = {Geometry \& Topology},
	language     = {English},
	keywords     = {60B15,60F05,20F65,20F28},
	zbmath       = 6805077,
	zbl          = {1439.60008}
}
@misc{LeBars2022,
	title        = {Central limit theorem on CAT(0) spaces with contracting isometries},
	author       = {Corentin Le Bars},
	year         = 2022,
	eprint       = {2209.11648},
	archiveprefix = {arXiv},
	primaryclass = {math.GR}
}
@incollection{Ledrappier2001,
	title        = {Some asymptotic properties of random walks on free groups},
	author       = {Ledrappier, Fran\c{c}ois},
	year         = 2001,
	booktitle    = {Topics in probability and {L}ie groups: boundary theory},
	publisher    = {Amer. Math. Soc., Providence, RI},
	series       = {CRM Proc. Lecture Notes},
	volume       = 28,
	pages        = {117--152},
	doi          = {10.1090/crmp/028/05},
	isbn         = {0-8218-0275-5},
	url          = {https://doi.org/10.1090/crmp/028/05},
	mrclass      = {60J50 (60B15 60G50)},
	mrnumber     = 1832436,
	mrreviewer   = {Wolfgang\ Woess}
}
@article{MathieuSisto2020,
	title        = {Deviation inequalities for random walks},
	author       = {Mathieu, P. and Sisto, A.},
	year         = 2020,
	journal      = {Duke Math. J.},
	volume       = 169,
	number       = 5,
	pages        = {961--1036},
	doi          = {10.1215/00127094-2019-0067},
	issn         = {0012-7094,1547-7398},
	url          = {https://doi.org/10.1215/00127094-2019-0067},
	fjournal     = {Duke Mathematical Journal},
	mrclass      = {60G50 (20F65 20F67)},
	mrnumber     = 4079419
}
@article{MrazovicSandriSebek2023,
	title        = {Capacity of the range of random walks on groups},
	author       = {Mrazovi\'{c}, Rudi and Sandri\'{c}, Nikola and \v{S}ebek, Stjepan},
	year         = 2023,
	journal      = {Kyoto J. Math.},
	volume       = 63,
	number       = 4,
	pages        = {783--805},
	doi          = {10.1215/21562261-2023-0003},
	issn         = {2156-2261,2154-3321},
	url          = {https://doi.org/10.1215/21562261-2023-0003},
	fjournal     = {Kyoto Journal of Mathematics},
	mrclass      = {60G50 (05C81 60F05)},
	mrnumber     = 4643004
}
@article{Salaun2001,
	title        = {Marche al\'{e}atoire sur un groupe libre: th\'{e}or\`emes limite conditionnellement \`a la sortie},
	author       = {Sala\"{u}n, Fran\c{c}ois},
	year         = 2001,
	journal      = {C. R. Acad. Sci. Paris S\'{e}r. I Math.},
	volume       = 333,
	number       = 4,
	pages        = {359--362},
	doi          = {10.1016/S0764-4442(01)02029-8},
	issn         = {0764-4442},
	url          = {https://doi.org/10.1016/S0764-4442(01)02029-8},
	fjournal     = {Comptes Rendus de l'Acad\'{e}mie des Sciences. S\'{e}rie I. Math\'{e}matique},
	mrclass      = {60B15 (60F05 60F15 60J50)},
	mrnumber     = 1854780
}
@article{SawyerSteger1987,
	title        = {The rate of escape for anisotropic random walks in a tree},
	author       = {Sawyer, Stanley and Steger, Tim},
	year         = 1987,
	journal      = {Probab. Theory Related Fields},
	volume       = 76,
	number       = 2,
	pages        = {207--230},
	doi          = {10.1007/BF00319984},
	issn         = {0178-8051,1432-2064},
	url          = {https://doi.org/10.1007/BF00319984},
	fjournal     = {Probability Theory and Related Fields},
	mrclass      = {60J15 (60B15)},
	mrnumber     = 906775,
	mrreviewer   = {Donald\ I.\ Cartwright}
}
