@article{MS20,
  title={Deviation inequalities for random walks},
  author={Mathieu, Pierre and Sisto, Alessandro},
  year={2020}
}

@article{choi2022random,
  title={Random walks and contracting elements I: Deviation inequality and limit laws},
  author={Choi, Inhyeok},
  journal={arXiv preprint arXiv:2207.06597 v2},
  year={2022}
}
